@BOOKLET{Madsen2010,
  author = {Lars Madsen},
  title = {Introduktion til {LaTeX}},
  year = {2010},
  howpublished = {\url{http://www.imf.au.dk/system/latex/bog/}}
 }
 
@MISC{Oetiker2010,
  author = {Tobias Oetiker},
  title = {The Not So Short A Introduction to {LaTeX2e}},
  year = {2010},
  howpublished = {\url{http://tobi.oetiker.ch/lshort/lshort.pdf}}
 }
 
@BOOK{Knuth1998,
  author    = {Donald E. Knuth},
  title     = {The Art of Computer Programming},
  volume    = {2},
  publisher = {Addison-Wesley},
  year      = {1998},
}

